@Book{r_y_n2016,
author = {Stuart Russell and Peter Norvig},
title = {Artificial Intelligence: A Modern Approach},
publisher = {Pearson Education Limited},
year = {2016},
OPTaddress = {Harlow},
OPTedition = {3ra edici√≥n},
}
